% Encoding: UTF-8
@article{Pischinger2023,
	author = {Pischinger, Stefan},
	title = {Die Revolution des Antriebsstrangs in der Automobilindustrie},
	journal = {MTZ - Motortechnische Zeitschrift},
	year = {2023},
	volume = {84},
	number = {9},
	pages = {62--62},
	doi = {10.1007/s35146-023-1510-1},
	url = {https://doi.org/10.1007/s35146-023-1510-1}
}

@book{Tipler.2019,
 year = {2019},
 title = {Physik: Für Studierende der Naturwissenschaften und Technik},
 price = {Festeinband : circa EUR 79.99 (DE), circa EUR 82.23 (AT), circa CHF 88.50 (freier Preis)},
 keywords = {Atomphysik;Elektrodynamik;Experimentalphysik;Mechanik;Moderne Physik;Optik;Physik;Physik für Nebenfächer;Physik für Wissenschaftler und Ingenieure;Physikaufgaben;Quantenmechanik;Thermodynamik;Tipler Lehrbuch;Übungsaufgaben Physik},
 address = {Berlin},
 edition = {8., korrigierte und erweiterte Auflage},
 publisher = {{Springer Spektrum}},
 isbn = {9783662582800},
 series = {Lehrbuch},
 editor = {Tipler, Paul Allen and Mosca, Gene and Kersten, Peter and Wagner, Jenny},
 file = {http://deposit.dnb.de/cgi-bin/dokserv?id=0e33b53c361f404abbb03e209248e1cb&prov=M&dok_var=1&dok_ext=htm},
 file = {http://d-nb.info/1172616485},
 file = {http://www.springer.com/},
 file = {https://d-nb.info/1172616485/04}
}

@phdthesis{Ziegler.2017,
 author = {Ziegler, Julius},
 year = {2017},
 title = {Optimale Trajektorienplanung für Automobile},
 url = {http://dx.doi.org/10.5445/KSP/1000056530},
 keywords = {advanced driver assistance systems;Arbeitsraum;Autonomes Fahren;autonomous driving;Einrad;Fahrerassistenzsysteme;Fahrstreifen;Fahrzeug;Fahrzeugregelung;Kraftwagen;robotics;Robotik;trajectory planning;Trajektorienplanung;vehicle control;Verkehrsraum},
 address = {Karlsruhe},
 school = {{KIT Scientific Publishing} and {Karlsruher Institut für Technologie}},
 type = {Dissertation},
 file = {http://deposit.dnb.de/cgi-bin/dokserv?id=bb8c03ad6f534c378dacba2a108e586d&prov=M&dok_var=1&dok_ext=htm},
 file = {http://www.ksp.kit.edu/},
 file = {https://d-nb.info/1139329820/34},
 file = {https://dx.doi.org/10.5445/KSP/1000056530},
 file = {https://nbn-resolving.org/urn:nbn:de:0072-565300}
}
@misc{wikipedia_autodesk,
		author       = "{Wikipedia contributors}",
		title        = "{Autodesk --- Wikipedia{,} The Free Encyclopedia}",
		year         = 2024,
		url          = "https://en.wikipedia.org/wiki/Autodesk",
		note         = "[Online; accessed 11-November-2024]"
		}
@misc{wikipedia_autocad_version_history,
		author       = "{Wikipedia contributors}",
		title        = "{AutoCAD version history --- Wikipedia{,} The Free Encyclopedia}",
		year         = 2024,
		url          = "https://en.wikipedia.org/wiki/AutoCAD_version_history",
		note         = "[Online; accessed 11-November-2024]"
		}
@misc{wikipedia_autodesk_deutsch,
		author       = {Wikipedia contributors},
		title        = {Autodesk -- Wikipedia{,} Die freie Enzyklopädie},
		year         = 2024,
		url          = {https://de.wikipedia.org/wiki/Autodesk},
		note         = {[Online; abgerufen am 13. November 2024]}
		}
@misc{vattenfall_elektroauto_geschichte,
	author       = {{Vattenfall InCharge}},
	title        = {Die Geschichte des Elektroautos: 1832 ging es los},
	year         = {2025},
	url          = {https://incharge.vattenfall.de/wissens-hub/articles/die-geschichte-des-elektroautos-1832-ging-es-los},
	note         = {Zugriff am 13. Januar 2025}
}
@misc{cosmos_gaston_plante,
	author       = {Cosmos Indirekt},
	title        = {Gaston Planté},
	year         = {2025},
	url          = {https://www.cosmos-indirekt.de/Physik-Schule/Gaston_Planté},
	note         = {Zugriff am 13. Januar 2025}
}
@misc{energyprofi_elektromobile_geschichte,
	author       = {EnergyProfi},
	title        = {Geschichte der Elektromobile und Hybridfahrzeuge ab 1900},
	year         = {2025},
	url          = {https://www.energyprofi.com/uncategorized/geschichte-der-elektromobile-und-hybridfahrzeuge-ab-1900/},
	note         = {Zugriff am 13. Januar 2025}
}
@misc{einfacheauto_elektroauto_geschichte,
	author       = {EinfacheAuto},
	title        = {Die Geschichte des Elektroautos: Von den Anfängen bis heute},
	year         = {2025},
	url          = {https://einfacheauto.de/blog/die-geschichte-des-elektroautos-von-den-anfangen-bis-heute},
	note         = {Zugriff am 13. Januar 2025}
}
@misc{enbw_elektroautos_vorteile_nachteile,
	author       = {EnBW Blog},
	title        = {Elektroautos: Vorteile und Nachteile im Überblick},
	year         = {2025},
	url          = {https://www.enbw.com/blog/elektromobilitaet/fahren/elektroautos-vorteile-und-nachteile-im-ueberblick/},
	note         = {Zugriff am 13. Januar 2025}
}
@misc{adac_stromverbrauch_elektroautos,
	author       = {ADAC},
	title        = {Stromverbrauch von Elektroautos im ADAC-Test},
	year         = {2025},
	url          = {https://www.adac.de/rund-ums-fahrzeug/elektromobilitaet/elektroauto/stromverbrauch-elektroautos-adac-test/},
	note         = {Zugriff am 13. Januar 2025}
}
@misc{ardalpha_henry_ford_geschichte,
	author       = {ARD alpha},
	title        = {Henry Ford: Wie er das Auto und die Produktion revolutionierte},
	year         = {2025},
	url          = {https://www.ardalpha.de/wissen/geschichte/kulturgeschichte/henry-ford-automobil-auto-fliessband-erfinder-100.html},
	note         = {Zugriff am 13. Januar 2025}
}
@misc{greelane_charles_kettering,
	author       = {Greelane},
	title        = {Charles Kettering und das elektrische Zündsystem},
	year         = {2025},
	url          = {https://www.greelane.com/de/geisteswissenschaften/geschichte--kultur/charles-kettering-electrical-ignition-system-4076281},
	note         = {Zugriff am 13. Januar 2025}
}
@misc{tanke_guenstig_oelpreise,
	author       = {Tanke günstig},
	title        = {Aktuelle Ölpreise: Überblick und Entwicklung},
	year         = {2025},
	url          = {https://www.tanke-guenstig.de/oelpreise},
	note         = {Zugriff am 13. Januar 2025}
}
@misc{daswissen_oelkrise_1970er,
	author       = {Das Wissen},
	title        = {Die Ölkrise der 1970er: Schock und Transformation},
	year         = {2025},
	url          = {https://das-wissen.de/die-oelkrise-der-1970er-schock-und-transformation/},
	note         = {Zugriff am 13. Januar 2025}
}
@misc{energieleben_ev1_geschichte,
	author       = {Energieleben},
	title        = {Die Geschichte des EV1},
	year         = {2025},
	url          = {https://www.energieleben.at/die-geschichte-des-ev1/},
	note         = {Zugriff am 13. Januar 2025}
}
@misc{insideevs_gm_ev1,
	author       = {InsideEVs},
	title        = {GM EV1: Das Elektroauto von 1996 und seine Historie},
	year         = {2025},
	url          = {https://insideevs.de/news/586129/gm-ev1-1996-elektroauto-historie/},
	note         = {Zugriff am 13. Januar 2025}
}
@misc{sonepar_batterien_2023,
	author       = {Sonepar Innovation Lab},
	title        = {Batterien 2023: Innovationen und Entwicklungen},
	year         = {2025},
	url          = {https://sonepar-innovationlab.com/batterien-2023/},
	note         = {Zugriff am 13. Januar 2025}
}
@misc{insidetesla_tesla_geschichte,
	author       = {InsideTesla},
	title        = {Tesla-Geschichte: Der Weg des E-Auto-Pioniers},
	year         = {2025},
	url          = {https://insidetesla.de/tesla-geschichte-weg-des-e-auto-pioniers/},
	note         = {Zugriff am 13. Januar 2025}
}
@misc{fraunhofer_batterie_rohstoffe,
	author       = {Fraunhofer ISI},
	title        = {Batterie-Rohstoffe und Preisschwankungen: Wie reagiert die Automobilindustrie? Auswirkungen auf die Zellkosten},
	year         = {2025},
	url          = {https://www.isi.fraunhofer.de/de/blog/themen/batterie-update/batterie-rohstoffe-preis-schwankungen-wie-reagiert-automobil-industrie-auswirkungen-zellkosten.html},
	note         = {Zugriff am 13. Januar 2025}
}
@misc{statista_ladeinfrastruktur_elektroautos,
	author       = {Statista},
	title        = {Ladeinfrastruktur für Elektroautos: Statistiken und Fakten},
	year         = {2025},
	url          = {https://de.statista.com/themen/8348/ladeinfrastruktur-fuer-elektroautos/},
	note         = {Zugriff am 13. Januar 2025}
}
@misc{automobilproduktion_produktionskosten_elektroautos,
	author       = {Automobil Produktion},
	title        = {So hoch sind die Produktionskosten von Elektroautos},
	year         = {2025},
	url          = {https://www.automobil-produktion.de/produktion/so-hoch-sind-die-produktionskosten-von-elektroautos-745.html},
	note         = {Zugriff am 13. Januar 2025}
}
@misc{
	Lith-Akku,
	title={Lithium Polymer Akku-Technologie},
	url={https://www.elektromodellflug.de/files/Lit-Akku-Techn-Einfuehrung.pdf}, 
	author={Dipl.-Ing. Frank Siegert},
	year ={2015}
}


@misc{
	LIA,
	title={Lithium-Ionen-Akkumulator},
	url={https://de.wikipedia.org/wiki/Lithium-Ionen-Akkumulator},
	journal={Wikepedia},
	author={o.V.},
	year ={o.J.}
}

@book{
	Korthauer.2013,
	title = {Handbuch Lithium-Ionen-Batterien},
	series = {SpringerLink Bücher},
	author = {Korthauer, Reiner},
	address = {Berlin, Heidelberg},
	publisher = {Springer Berlin Heidelberg},
	year = {2013},
	url = {https://doi.org/10.1007/978-3-642-30653-2},
	isbn = {9783642306532}
}

@misc{scinexx_akku_schattenseiten,
	author       = {scinexx – Das Wissensmagazin},
	title        = {Akku mit Schattenseiten: Ökologische und soziale Herausforderungen der Batterieproduktion},
	year         = {2025},
	url          = {https://www.scinexx.de/dossierartikel/akku-mit-schattenseiten/},
	note         = {Zugriff am 13. Januar 2025}
}


@book{anderson2020,
	title = {Design for Manufacturability: How to Use Concurrent Engineering to Rapidly Develop Low-Cost, High-Quality Products for Lean Production},
	shorttitle = {Design for Manufacturability},
	author = {Anderson, David M.},
	date = {2020},
	edition = {Second edition},
	publisher = {Routledge, Taylor \& Francis},
	location = {New York, NY},
	isbn = {978-0-429-28598-1 978-1-00-076478-9 978-1-00-076496-3 978-1-00-076487-1},
	langid = {english},
	pagetotal = {1},
	file = {/Users/macbookvonrafael/Zotero/storage/MTJDBHC5/Anderson - 2020 - Design for manufacturability how to use concurren.pdf}
}

@book{gebhardt2016,
	title = {Additive Fertigungsverfahren: additive Manufacturing und 3D-Drucken für Prototyping - Tooling - Produktion},
	shorttitle = {Additive Fertigungsverfahren},
	author = {Gebhardt, Andreas},
	date = {2016},
	edition = {5., neu bearbeitete und erweiterte Auflage},
	publisher = {Hanser},
	location = {München},
	abstract = {Die aktualisierte 5. Auflage dieses Standardwerks beschreibt die, noch anhaltende, Entwicklung und Verbreitung der Generativen Fertigungstechnik über alle Branchen und viele Anwendergruppen hinweg. Leistungsfähige Production Printer arbeiten in der Industrie und Fabber, kleine, preiswerte und meist selbst zu bauende 3D-Drucker, erschließen die Generative Fertigung auch für Privatleute und an entlegenen Orten. Seriöse Journale und Tageszeitungen machen mit Druckern Erfolgsgeschichten auf. Drucker sind in aller Munde. Daneben wird die Technik sukzessive verbessert. Die Prozesse werden stabiler und vor allem reproduzierbar. Eine wirkliche Massenproduktion von Einzelteilen gelingt in einzelnen Branchen und beginnt sich durchzusetzen. Neu in der 5. Auflage sind: - Aktualisierungen: Firmen, Maschinen und Material; Anwendungsbeispiele; - Erweiterungen: Fabbertechnologie, Do It Yourself Drucker},
	isbn = {978-3-446-44539-0},
	langid = {ngerman},
	pagetotal = {1},
	file = {/Users/macbookvonrafael/Zotero/storage/W96ZHF9A/Gebhardt - 2016 - Additive Fertigungsverfahren additive Manufacturi.pdf}
}

@article{hogan2025,
	title = {Getting {{Started}} with {{Fusion}} 360},
	author = {Hogan, Jo-Ann},
	langid = {english},
	file = {/Users/macbookvonrafael/Zotero/storage/8MP456JT/Hogan - Getting Started with Fusion 360.pdf}
}

@book{pistoia2018,
	title = {Behaviour of {{Lithium-Ion Batteries}} in {{Electric Vehicles}}},
	editor = {Pistoia, Gianfranco and Liaw, Boryann},
	date = {2018},
	series = {Green {{Energy}} and {{Technology}}},
	publisher = {Springer International Publishing},
	location = {Cham},
	doi = {10.1007/978-3-319-69950-9},
	url = {http://link.springer.com/10.1007/978-3-319-69950-9},
	urldate = {2025-07-01},
	isbn = {978-3-319-69949-3 978-3-319-69950-9},
	langid = {english},
	file = {/Users/macbookvonrafael/Zotero/storage/4WASVZA6/Pistoia und Liaw - 2018 - Behaviour of Lithium-Ion Batteries in Electric Veh.pdf}
}
